@book{martin_2004, place={Cambridge}, title={Electronic Structure: Basic Theory and Practical Methods}, DOI={10.1017/CBO9780511805769}, publisher={Cambridge University Press}, author={Martin, Richard M.}, year={2004}}

@book{kittel2005introduction,
	  title={Introduction to solid state physics},
	    author={Kittel, Charles},
	      year={2005},
	        publisher={Wiley},
}

@article{kellermann1940theory,
  title={Theory of the vibrations of the sodium chloride lattice},
  author={Kellermann, Ernst Walter},
  journal={Philosophical Transactions of the Royal Society of London. Series A, Mathematical and Physical Sciences},
  volume={238},
  number={798},
  pages={513--548},
  year={1940},
  publisher={JSTOR}
}
@book{shankar2012principles,
  title={Principles of quantum mechanics},
  author={Shankar, Ramamurti},
  year={2012},
  publisher={Springer Science \& Business Media}
}
